<record><leader>00000cas a22000007a 4500</leader><controlfield tag="001">10682881</controlfield><controlfield tag="008">840502d18751884aruwr ne      0    0eng d</controlfield><datafield ind1=" " ind2=" " tag="010"><subfield code="a">sn 84022990 </subfield></datafield><datafield ind1=" " ind2=" " tag="040"><subfield code="a">NPX</subfield><subfield code="b">eng</subfield><subfield code="c">NPX</subfield><subfield code="d">NPU</subfield><subfield code="d">DLC</subfield><subfield code="d">OCLCQ</subfield></datafield><datafield ind1=" " ind2=" " tag="042"><subfield code="a">msc</subfield></datafield><datafield ind1="0" ind2=" " tag="130"><subfield code="a">Texarkana Democrat (Texarkana, Ark. : 1875)</subfield></datafield><datafield ind1="1" ind2="0" tag="245"><subfield code="a">Texarkana Democrat.</subfield></datafield><datafield ind1=" " ind2=" " tag="260"><subfield code="a">Texarkana, Ark. :</subfield><subfield code="b">Edmondson &amp; Fearing</subfield></datafield><datafield ind1=" " ind2=" " tag="300"><subfield code="a">v. ;</subfield><subfield code="c">56 cm.</subfield></datafield><datafield ind1=" " ind2=" " tag="310"><subfield code="a">Weekly</subfield></datafield><datafield ind1="1" ind2=" " tag="362"><subfield code="a">Began in 1875; ceased in Aug. 1884.</subfield></datafield><datafield ind1=" " ind2=" " tag="588"><subfield code="a">Description based on: Vol. 1, no. 13 (Mar. 9, 1875).</subfield></datafield><datafield ind1=" " ind2=" " tag="752"><subfield code="a">United States</subfield><subfield code="b">Arkansas</subfield><subfield code="c">Miller</subfield><subfield code="d">Texarkana.</subfield></datafield><datafield ind1="0" ind2="0" tag="785"><subfield code="t">Texarkana independent</subfield></datafield><datafield ind1="1" ind2=" " tag="029"><subfield code="a">AU@</subfield><subfield code="b">000025819272</subfield></datafield></record>